@article{johnson1974worst,
  title={Worst-case performance bounds for simple one-dimensional packing algorithms},
  author={Johnson, David S. and Demers, Alan and Ullman, Jeffrey D. and Garey, Michael R and Graham, Ronald L.},
  journal={SIAM Journal on computing},
  volume={3},
  number={4},
  pages={299--325},
  year={1974},
  publisher={SIAM}
}

@article{de1981bin,
  title={Bin packing can be solved within 1+ $\varepsilon$ in linear time},
  author={De La Vega, W Fernandez and Lueker, George S.},
  journal={Combinatorica},
  volume={1},
  number={4},
  pages={349--355},
  year={1981},
  publisher={Springer}
}

@inproceedings{karmarkar1982efficient,
  title={An efficient approximation scheme for the one-dimensional bin-packing problem},
  author={Karmarkar, Narendra and Karp, Richard M},
  booktitle={Foundations of Computer Science, 1982. SFCS'08. 23rd Annual Symposium on},
  pages={312--320},
  year={1982},
  organization={IEEE}
}

@inproceedings{rothvoss2013approximating,
  title={Approximating bin packing within o (log OPT* log log OPT) bins},
  author={Rothvo{\ss}, Thomas},
  booktitle={Foundations of Computer Science (FOCS), 2013 IEEE 54th Annual Symposium on},
  pages={20--29},
  year={2013},
  organization={IEEE}
}

@inproceedings{hoberg2017logarithmic,
  title={A logarithmic additive integrality gap for bin packing},
  author={Hoberg, Rebecca and Rothvo{\ss}, Thomas},
  booktitle={Proceedings of the Twenty-Eighth Annual ACM-SIAM Symposium on Discrete Algorithms},
  pages={2616--2625},
  year={2017},
  organization={SIAM}
}

@article{mccormick2001polynomial,
  title={A polynomial algorithm for multiprocessor scheduling with two job lengths},
  author={McCormick, S Thomas and Smallwood, Scott R and Spieksma, Frits CR},
  journal={Mathematics of Operations Research},
  volume={26},
  number={1},
  pages={31--49},
  year={2001},
  publisher={INFORMS}
}

@inproceedings{jansen2010opt,
  title={An opt+ 1 algorithm for the cutting stock problem with constant number of object lengths},
  author={Jansen, Klaus and Solis-Oba, Roberto},
  booktitle={International Conference on Integer Programming and Combinatorial Optimization},
  pages={438--449},
  year={2010},
  organization={Springer}
}

@inproceedings{goemans2014polynomiality,
  title={Polynomiality for bin packing with a constant number of item types},
  author={Goemans, Michel X and Rothvo{\ss}, Thomas},
  booktitle={Proceedings of the twenty-fifth annual ACM-SIAM symposium on Discrete algorithms},
  pages={830--839},
  year={2014},
  organization={Society for Industrial and Applied Mathematics}
}


@article{jansen2016structure,
  title={About the Structure of the Integer Cone and its Application to Bin Packing},
  author={Jansen, Klaus and Klein, Kim-Manuel},
  journal={arXiv preprint arXiv:1604.07286},
  year={2016}
}

@article{scheithauer1997theoretical,
  title={Theoretical investigations on the modified integer round-up property for the one-dimensional cutting stock problem},
  author={Scheithauer, Guntram and Terno, Johannes},
  journal={Oper. Res. Lett.},
  volume={20},
  number={2},
  pages={93--100},
  year={1997},
  publisher={Citeseer}
}

@article{nitsche1998new,
  title={New cases of the cutting stock problem having MIRUP},
  author={Nitsche, Christoph and Scheithauer, Guntram and Terno, Johannes},
  journal={Mathematical Methods of Operations Research},
  volume={48},
  number={1},
  pages={105--115},
  year={1998},
  publisher={Springer}
}

@article{sebo2009proof,
  title={Proof of the modified integer round-up conjecture for bin packing in dimension 7},
  author={Seb{\"o}, A and Shmonin, G},
  journal={Personal communication},
  year={2009}
}

@book{williamson2011design,
  title={The design of approximation algorithms},
  author={Williamson, David P and Shmoys, David B},
  year={2011},
  publisher={Cambridge university press}
}

@phdthesis{shmonin2007parameterised,
  title={Parameterised integer programming, integer cones, and related problems},
  author={Shmonin, Gennady},
  year={2007},
  institution={University of Paderborn, Germany}
}

@article{spencer1985six,
  title={Six standard deviations suffice},
  author={Spencer, Joel},
  journal={Transactions of the American mathematical society},
  volume={289},
  number={2},
  pages={679--706},
  year={1985}
}

@article{beck1981integer,
  title={“Integer-making” theorems},
  author={Beck, J{\'o}zsef and Fiala, Tibor},
  journal={Discrete Applied Mathematics},
  volume={3},
  number={1},
  pages={1--8},
  year={1981},
  publisher={North-Holland}
}

@inproceedings{EisenbrandPR11,
  author    = {Friedrich Eisenbrand and
               D{\"{o}}m{\"{o}}t{\"{o}}r P{\'{a}}lv{\"{o}}lgyi and
               Thomas Rothvo{\ss}},
  title     = {Bin Packing via Discrepancy of Permutations},
  booktitle = {Proceedings of the Twenty-Second Annual {ACM-SIAM} Symposium on Discrete
               Algorithms, {SODA} 2011, San Francisco, California, USA, January 23-25,
               2011},
  pages     = {476--481},
  year      = {2011}
}

@inproceedings{newman2012beck,
  title={Beck's three permutations conjecture: A counterexample and some consequences},
  author={Newman, Alantha and Neiman, Ofer and Nikolov, Aleksandar},
  booktitle={Foundations of Computer Science (FOCS), 2012 IEEE 53rd Annual Symposium on},
  pages={253--262},
  year={2012},
  organization={IEEE}
}


















@inproceedings{varifold,
  title={A general framework for curve and surface comparison and registration with oriented varifolds},
  author={Kaltenmark, Irene and Charlier, Benjamin and Charon, Nicolas},
  booktitle={Computer Vision and Pattern Recognition (CVPR)},
  year={2017}
}
@InProceedings{genevay,
  title = 	 {Learning Generative Models with Sinkhorn Divergences},
  author = 	 {Aude Genevay and Gabriel Peyre and Marco Cuturi},
  booktitle = 	 {Proceedings of the Twenty-First International Conference on Artificial Intelligence and Statistics},
  pages = 	 {1608--1617},
  year = 	 {2018},
  editor = 	 {Amos Storkey and Fernando Perez-Cruz},
  volume = 	 {84},
  series = 	 {Proceedings of Machine Learning Research},
  month = 	 {09--11 Apr},
  publisher = 	 {PMLR},
}
@inproceedings{miccai,
  title={Optimal Transport for Diffeomorphic Registration},
  author={Feydy, Jean and Charlier, Benjamin and Vialard, Fran{\c{c}}ois-Xavier and Peyr{\'e}, Gabriel},
  booktitle={International Conference on Medical Image Computing and Computer-Assisted Intervention},
  pages={291--299},
  year={2017},
  organization={Springer}
}
@inproceedings{cuturi,
  title={Sinkhorn distances: Lightspeed computation of optimal transport},
  author={Cuturi, Marco},
  booktitle={Advances in neural information processing systems},
  pages={2292--2300},
  year={2013}
}
@article{peyre,
  title={Computational Optimal Transport},
  author={Peyr{\'e}, Gabriel and Cuturi, Marco},
  journal={arXiv preprint arXiv:1803.00567},
  year={2018}
}
@inproceedings{hausdorff,
  title={Mesh: Measuring errors between surfaces using the hausdorff distance},
  author={Aspert, Nicolas and Santa-Cruz, Diego and Ebrahimi, Touradj},
  booktitle={Multimedia and Expo, 2002. ICME'02. Proceedings. 2002 IEEE International Conference on},
  volume={1},
  pages={705--708},
  year={2002},
  organization={IEEE}
}
@article{energy,
  title={Energy statistics: A class of statistics based on distances},
  author={Sz{\'e}kely, G{\'a}bor J and Rizzo, Maria L},
  journal={Journal of statistical planning and inference},
  volume={143},
  number={8},
  pages={1249--1272},
  year={2013},
  publisher={Elsevier}
}
@article{spectral,
  title={Spectral log-demons: diffeomorphic image registration with very large deformations},
  author={Lombaert, Herve and Grady, Leo and Pennec, Xavier and Ayache, Nicholas and Cheriet, Farida},
  journal={International journal of computer vision},
  volume={107},
  number={3},
  pages={254--271},
  year={2014},
  publisher={Springer}
}
@misc{keops,
  title = {Kernel Operations on the GPU, with autodiff, without memory overflows},
  author={Charlier, Benjamin and Feydy, Jean and Glaun\`es, Joan},
  howpublished = {\url{http://plmlab.math.cnrs.fr/benjamin.charlier/libkeops}},
  note = {Accessed: 2018-06-25}
}
@misc{FVSP,
  title = {Sinkhorn entropies and divergences},
  author={Feydy, Jean and S\'ejourn\'e, Thibault and Vialard, Fran\c{c}ois-Xavier and Amari, Shun-ichi and Trouv\'{e}, Alain and Peyr\'{e}, Gabriel},
  howpublished = {to be published in July~2018},
}
@article{pytorch,
  title={Automatic differentiation in PyTorch},
  author={Paszke, Adam and Gross, Sam and Chintala, Soumith and Chanan, Gregory and Yang, Edward and DeVito, Zachary and Lin, Zeming and Desmaison, Alban and Antiga, Luca and Lerer, Adam},
  year={2017}
}
@article{slicer,
  title={3D Slicer as an image computing platform for the Quantitative Imaging Network},
  author={Fedorov, Andriy and Beichel, Reinhard and Kalpathy-Cramer, Jayashree and Finet, Julien and others},
  journal={Magnetic resonance imaging},
  volume={30},
  number={9},
  pages={1323--1341},
  year={2012},
  publisher={Elsevier}
}
@article{lenaic,
  title={Unbalanced optimal transport: Dynamic and Kantorovich formulations},
  author={Chizat, L{\'e}na{\"\i}c and Peyr{\'e}, Gabriel and Schmitzer, Bernhard and Vialard, Fran{\c{c}}ois-Xavier},
  journal={Journal of Functional Analysis},
  volume={274},
  number={11},
  pages={3090--3123},
  year={2018},
  publisher={Elsevier}
}

@article{cook1992integer,
  title={On integer points in polyhedra},
  author={Cook, William and Hartmann, Mark and Kannan, Ravi and McDiarmid, Colin},
  journal={Combinatorica},
  volume={12},
  number={1},
  pages={27--37},
  year={1992},
  publisher={Springer}
}

@techreport{hartmann1988cutting,
  title={Cutting planes and the complexity of the integer hull},
  author={Hartmann, Mark},
  year={1988},
  institution={Cornell University Operations Research and Industrial Engineering}
}
